Here is your modified .bib file with `\url` in front of every URL:

```bibtex
@online{kubenetes,
  title        = {{Kubernetes}},
  author       = {{Apache License 2.0}},
  year         = {2023},
  howpublished = {\url{https://kubernetes.io/}}
}

@online{droneio,
  title        = {{Drone CI/CD}},
  author       = {{Drone}},
  year         = {September, 2023},
  howpublished = {\url{https://www.drone.io/}}
}

@online{jenkinsio,
  title        = {{Jenkins}},
  author       = {{Jenkins}},
  year         = {November, 2023},
  howpublished = {\url{https://www.jenkins.io/}}
}

@online{giteadocs,
  title        = {{Gitea Documentation}},
  author       = {{Gitea}},
  year         = {October, 2023},
  howpublished = {\url{https://docs.gitea.com/}}
}

@online{gitea,
  title        = {{Gitea}},
  author       = {{Open Source}},
  year         = {2023},
  month        = {October},
  howpublished = {\url{https://gitea.com/}}
}

@online{cicd-goat,
  title        = {{CICD Goat}},
  author       = {{Palo-alto}},
  year         = {2023},
  month        = {September},
  howpublished = {\url{https://github.com/cider-security-research/cicd-goat}}
}

@online{GitHub,
  title        = {{GitHub}},
  author       = {{Microsoft}},
  year         = {2023},
  month        = {October},
  howpublished = {\url{https://github.com}}
}

@online{git,
  title        = {{Git}},
  year         = {2023},
  month        = {October},
  howpublished = {\url{https://git-scm.com/}}
}

@online{gitlab,
  title        = {{GitLab}},
  year         = {2023},
  month        = {October},
  howpublished = {\url{https://gitlab.com/}}
}

@online{docker,
  title        = {{Docker}},
  year         = {2023},
  month        = {October},
  howpublished = {\url{https://www.docker.com/}}
}

@online{dockerhub,
  title        = {{Docker Hub}},
  author       = {{Docker}},
  year         = {2023},
  month        = {October},
  howpublished = {\url{https://hub.docker.com/}}
}

@online{python,
  title        = {{Python}},
  author       = {{Python Software Foundation}},
  year         = {2023},
  month        = {October},
  howpublished = {\url{https://www.python.org/}}
}

@online{ucloud,
  title        = {{UCloud}},
  author       = {{DeiC}},
  howpublished = {\url{https://docs.cloud.sdu.dk/}}
}

@online{iaas,
  title        = {{IaaS}},
  author       = {{AWS}},
  year         = {2023},
  howpublished = {\url{https://aws.amazon.com/what-is/iaas/}}
}

@online{ngrok,
  title        = {{ngrok}},
  author       = {{AWS}},
  year         = {2023},
  howpublished = {\url{https://ngrok.com/docs/}}
}

@online{ngrok-works,
  title        = {{ngrok}},
  author       = {{AWS}},
  year         = {2023},
  howpublished = {\url{https://ngrok.com/docs/how-ngrok-works/}}
}

@online{devops,
  title        = {{DevOps}},
  author       = {{AWS}},
  year         = {2023},
  howpublished = {\url{https://aws.amazon.com/devops/what-is-devops/}}
}

@online{cloudflare_supply_chain_attack,
  author       = {Cloudflare},
  title        = {What Is a Supply Chain Attack?},
  year         = {2024},
  howpublished = {\url{https://www.cloudflare.com/learning/security/what-is-a-supply-chain-attack/}}
}

@online{supplychainbrain_supply_chain_breaches,
  author       = {Supply Chain Brain},
  title        = {Supply Chain Breaches Increased from 2022 to 2023},
  year         = {2024},
  howpublished = {\url{https://www.supplychainbrain.com/articles/38672-supply-chain-breaches-increased-from-2022-to-2023}}
}

@online{statista_open_source_supply_chain_attacks,
  author       = {Statista},
  title        = {Supply Chain Attacks},
  year         = {November 2023},
  howpublished = {\url{https://www.statista.com/statistics/1268934/worldwide-open-source-supply-chain-attacks/}}
}

@online{drone_secrets_documentation,
  author       = {Drone},
  title        = {Repository Secrets Management Documentation},
  year         = {2021},
  howpublished = {\url{https://docs.drone.io/secret/repository/}}
}

@online{docker-docs,
  author       = {Docker},
  title        = {Docker Overview},
  year         = {2024},
  howpublished = {\url{https://docs.docker.com/get-started/overview/\#docker-architecture}}
}

@online{YAML,
  author       = {YAML},
  title        = {YAML},
  year         = {2024},
  howpublished = {\url{https://yaml.org/}}
}

@online{docker-compose,
  author       = {Docker},
  title        = {Docker Compose},
  year         = {2024},
  howpublished = {\url{https://docs.docker.com/compose/}}
}

@online{docker-concepts,
  author       = {Docker},
  title        = {Docker Concepts},
  year         = {2024},
  howpublished = {\url{https://docs.docker.com/guides/docker-concepts/the-basics/}}
}

@online{nginx-proxy,
  author       = {Nginx},
  title        = {Reverse Proxy Server},
  year         = {2024},
  howpublished = {\url{https://www.nginx.com/resources/glossary/reverse-proxy-server/}}
}

@online{nginx-proxy-3,
  author       = {Nginx},
  title        = {Reverse Proxy},
  howpublished = {\url{https://docs.nginx.com/nginx/admin-guide/web-server/reverse-proxy/}}
}

@online{csr,
  author       = {Keyfactor},
  title        = {What is a Certificate Signing Request?},
  howpublished = {\url{https://www.keyfactor.com/blog/what-is-a-certificate-signing-request-csr/}}
}

@online{x509,
  author       = {SSL},
  title        = {What is an X.509 Certificate?},
  year         = {2024},
  howpublished = {\url{https://www.ssl.com/faqs/what-is-an-x-509-certificate/}}
}

@online{self-signed-cert,
  author       = {Baeldung},
  title        = {Creating a Self-Signed Certificate with OpenSSL},
  howpublished = {\url{https://www.baeldung.com/openssl-self-signed-cert}}
}

@online{openssl-ext,
  author       = {OpenSSL},
  title        = {X509 V3 Config},
  howpublished = {\url{https://www.openssl.org/docs/manmaster/man5/x509v3\_config.html}}
}

@online{deic,
  author       = {DeiC},
  title        = {DeiC},
  howpublished = {\url{https://www.deic.dk/}}
}

@online{haaukins,
  author       = {Aalborg University},
  title        = {Haaukins},
  howpublished = {\url{https://github.com/aau-network-security/haaukins}}
}

@online{haaukins-arch,
  author       = {Aalborg University},
  title        = {Architecture of Haaukins (until version 1.8.1)},
  howpublished = {\url{https://github.com/aau-network-security/haaukins/wiki/Architecture-of-Haaukins-(until-version-1.8.1)}}
}

@online{guacamole,
  author       = {Apache},
  title        = {Apache Guacamole},
  howpublished = {\url{https://guacamole.apache.org/}}
}

@online{haaukins-challenge,
  author       = {Haaukins},
  title        = {Haaukins Challenge Guide},
  howpublished = {\url{https://haaukins.gitlab.io/challengeguide/}}
}

@online{owasp-cicd-top-10,
  author       = {OWASP},
  title        = {OWASP Top 10 CI/CD Security Risks},
  howpublished = {\url{https://owasp.org/www-project-top-10-ci-cd-security-risks/}}
}

@online{tryhackme,
  author       = {TryHackMe},
  title        = {TryHackMe},
  howpublished = {\url{https://tryhackme.com/}}
}
% hackthebox - https://www.hackthebox.eu/
@online{hackthebox,
  author       = {Hack The Box},
  title        = {Hack The Box},
  howpublished = {\url{https://www.hackthebox.eu/}}
}
% gamess - https://gamess.dk/
@online{gamess,
  author       = {GameSS},
  title        = {GameSS},
  howpublished = {\url{https://gamess.dk/}}
}
@book{duvall2007continuous,
  title        = {Continuous Integration: Improving Software Quality and Reducing Risk},
  author       = {Paul M. Duvall and Steve Matyas and Andrew Glover},
  year         = {2007},
  publisher    = {Addison-Wesley Professional},
}
% kali - https://www.kali.org/
@online{kali,
  author       = {Kali Linux},
  title        = {Kali Linux},
  howpublished = {\url{https://www.kali.org/}}
}
% Ubuntu - https://ubuntu.com/
@online{ubuntu,
  author       = {Ubuntu},
  title        = {Ubuntu},
  howpublished = {\url{https://ubuntu.com/}}
}
% registry - https://github.com/distribution/distribution
@online{registry,
  author       = {Docker Registry},
  title        = {Docker Registry},
  howpublished = {\url{https://github.com/distribution/distribution}}
}
Flask Foundation repo - https://github.com/JackStouffer/Flask-Foundation
@online{flask-foundation,
  author       = {Jack Stouffer},
  title        = {Flask Foundation},
  howpublished = {\url{https://github.com/JackStouffer/Flask-Foundation}}
}
Photovies by Viktor strate - https://github.com/photoview/photoview
@online{photoview,
  author       = {Viktor Strate},
  title        = {Photoview},
  howpublished = {\url{https://github.com/photoview/photoview}}
}
simple flaskblog - https://github.com/DogukanUrker/flaskBlog/tree/main?tab=readme-ov-file#-default-admin-account
@online{flask-blog,
  author       = {Dogukan Urker},
  title        = {Simple Flask Blog},
  howpublished = {\url{https://github.com/DogukanUrker/flaskBlog/tree/main?tab=readme-ov-file#-default-admin-account}}
}