@@online{eficode-blog,
  author       = {Sofus Albertsen},
  title        = {Title of the Blog Post},
  year         = {20230},
  url          = {https://www.eficode.com/blog/author/sofus-albertsen},
}
@person{Sofus_Albertsen,
  name       = {Sofus Albertsen},
  date       = {Unknown},
  place      = {Copenhagen, Denmark},
  email      = {Unknown},
  note       = {https://www.eficode.com/blog/author/sofus-albertsen},
}
@online{haaukins_docs,
  title = {HAAUKINS Documentation},
  author = {{HAAUKINS}},
  url = {https://docs.haaukins.com/},
  year = {2019},
}
@online{haaukins_github,
  title = {HAAUKINS GitHub Repository},
  author = {{AAU Network Security}},
  url = {https://github.com/aau-network-security/haaukins/tree/master},
  year = {2019}
}
@online{cicdgoat_github,
  title = {CICD-Goat: A Vulnerable CICD Pipeline Based on Golang},
  author = {Cider Security Research},
  url = {https://github.com/cider-security-research/cicd-goat},
  year = {2023}
}